@article{bernstein2024oldoptimizernewnorm,
  title={Old optimizer, new norm: An anthology},
  author={Bernstein, Jeremy and Newhouse, Laker},
  journal={arXiv preprint arXiv:2409.20325},
  year={2024}
}

@misc{jordan2024muon,
  author       = {Keller Jordan and Yuchen Jin and Vlado Boza and Jiacheng You and
                  Franz Cesista and Laker Newhouse and Jeremy Bernstein},
  title        = {Muon: An optimizer for hidden layers in neural networks},
  year         = {2024},
  url          = {https://kellerjordan.github.io/posts/muon/}
}

@misc{bernstein2025deriving,
  author = {Jeremy Bernstein},
  title = {Deriving Muon},
  url = {https://jeremybernste.in/writing/deriving-muon},
  year = {2025}
}

@article{liu2025muon,
  title={Muon is scalable for llm training},
  author={Liu, Jingyuan and Su, Jianlin and Yao, Xingcheng and Jiang, Zhejun and Lai, Guokun and Du, Yulun and Qin, Yidao and Xu, Weixin and Lu, Enzhe and Yan, Junjie and others},
  journal={arXiv preprint arXiv:2502.16982},
  year={2025}
}

@Comment{jabref-meta: databaseType:bibtex;}
